<?xml version="1.0" encoding="UTF-8"?><collection xmlns="http://www.loc.gov/MARC21/slim"><record><leader>00348nam--2200133-i-4500</leader><controlfield tag="001">000011645</controlfield><controlfield tag="002">20161230</controlfield><controlfield tag="005">20161230201029</controlfield><controlfield tag="008">060222s1000------------r-----000-0-eng-d</controlfield><datafield ind1=" " ind2=" " tag="100"><subfield code="a">Hyde, Ernest</subfield></datafield><datafield ind1=" " ind2=" " tag="260"><subfield code="a">Chemical Information Systems</subfield></datafield><datafield ind1=" " ind2=" " tag="490"><subfield code="a">Chichester, Ellis Horwood Limited, 1975 X + 309 P</subfield></datafield><datafield ind1=" " ind2=" " tag="700"><subfield code="a">Ash, Janet E</subfield></datafield><datafield ind1=" " ind2=" " tag="852"><subfield code="a">51-7:519.6:66</subfield></datafield></record></collection>